<collection xmlns="http://www.loc.gov/MARC21/slim">
<record>
  <leader>01287nam0a22002171i 450 </leader>
  <controlfield tag="001">IT\ICCU\CNCE\050573</controlfield>
  <controlfield tag="005">20160620000000.0</controlfield>
  <datafield tag="100" ind1=" " ind2=" ">
    <subfield code="a">20000126d1529        0itac0103    ba</subfield>
  </datafield>
  <datafield tag="101" ind1=" " ind2=" ">
    <subfield code="a">LAT</subfield>
  </datafield>
  <datafield tag="102" ind1=" " ind2=" ">
    <subfield code="a">IT</subfield>
  </datafield>
  <datafield tag="200" ind1="1" ind2=" ">
    <subfield code="a">Libelli dedicatio frater Hieronymus Bordonius de sermonetalignipes minorista seraphici ordinis professor illustrissimae dominae Helionorae Leolae et si civi patriciae pisanae romanas cum inter matronas per quam decentissimae artium cultu ornatissimae foeminae religioseque viragini bonarum artium cultu ornatissimae atque consumatissimae dominae suae deque se optime meritae. S.p.d. libellumque hunc dicat suum ponitque foeliciter atque donat seque commendat</subfield>
  </datafield>
  <datafield tag="210" ind1=" " ind2=" ">
    <subfield code="e">Neapoli</subfield>
    <subfield code="g">per Antonium Martinum dictum Rothi Francigenam</subfield>
    <subfield code="h">1529 pridie Nonas Iunias</subfield>
  </datafield>
  <datafield tag="215" ind1=" " ind2=" ">
    <subfield code="a">\130! c.</subfield>
    <subfield code="d">4ʻ</subfield>
  </datafield>
  <datafield tag="620" ind1=" " ind2=" ">
    <subfield code="a">IT</subfield>
    <subfield code="d">Napoli</subfield>
  </datafield>
  <datafield tag="700" ind1=" " ind2="1">
    <subfield code="a">Bordoni,</subfield>
    <subfield code="b">Girolamo</subfield>
    <subfield code="3">IT\ICCU\CNCA\001896</subfield>
  </datafield>
  <datafield tag="712" ind1="0" ind2="0">
    <subfield code="a">Roth, Antoine Martin</subfield>
    <subfield code="3">IT\ICCU\CNCT\001138</subfield>
    <subfield code="4">650</subfield>
  </datafield>
  <datafield tag="791" ind1="0" ind2="0">
    <subfield code="a">Rothi, Antonio Martino</subfield>
    <subfield code="3">IT\ICCU\CNCT\002308</subfield>
    <subfield code="z">Roth, Antoine Martin</subfield>
  </datafield>
  <datafield tag="791" ind1="0" ind2="0">
    <subfield code="a">Rothi, Antonius Martinus</subfield>
    <subfield code="3">IT\ICCU\CNCT\005410</subfield>
    <subfield code="z">Roth, Antoine Martin</subfield>
  </datafield>
  <datafield tag="801" ind1=" " ind2="3">
    <subfield code="a">IT</subfield>
    <subfield code="b">ICCU</subfield>
    <subfield code="c">20201115</subfield>
  </datafield>
  <datafield tag="899" ind1=" " ind2=" ">
    <subfield code="a">Biblioteca Casanatense. Roma</subfield>
    <subfield code="1">RM0313</subfield>
    <subfield code="2">RML 07</subfield>
  </datafield>
  <datafield tag="899" ind1=" " ind2=" ">
    <subfield code="a">Biblioteca dell&apos;Accademia nazionale dei Lincei e Corsiniana. Roma</subfield>
    <subfield code="1">RM0418</subfield>
    <subfield code="2">RML 10</subfield>
  </datafield>
</record>
</collection>
